%% LaTeX2e file `main.bib'
%% generated by the `filecontents' environment
%% from source `main' on 2019/01/12.
%%
%-------------------------------------------------------------------------------

%-------------------------------------------------------------------------------
% NONSMOOTH OPTIMIZATION
%-------------------------------------------------------------------------------
@book{clarke1990optimization,
  title={Optimization and nonsmooth analysis},
  author={Clarke, Frank H},
  volume={5},
  year={1990},
  publisher={Siam}
}

@book{rockafellar2009variational,
  title={Variational analysis},
  author={Rockafellar, R Tyrrell and Wets, Roger J-B},
  volume={317},
  year={2009},
  publisher={Springer Science \& Business Media}
}
@book{beck2017first,
  title={First-order methods in optimization},
  author={Beck, Amir},
  volume={25},
  year={2017},
  publisher={SIAM}
}

@article{parikh2014proximal,
  title={Proximal algorithms},
  author={Parikh, Neal and Boyd, Stephen and others},
  journal={Foundations and Trends{\textregistered} in Optimization},
  volume={1},
  number={3},
  pages={127--239},
  year={2014},
  publisher={Now Publishers, Inc.}
}


%-------------------------------------------------------------------------------
% SENSITIVITY ANALYSIS
%-------------------------------------------------------------------------------


% original Sensitivity Analysis paper
@article{cook1986assessment,
  title={Assessment of local influence},
  author={Cook, R Dennis},
  journal={Journal of the Royal Statistical Society. Series B (Methodological)},
  pages={133--169},
  year={1986},
  publisher={JSTOR}
}

% sensitivity analysis to general ml with gradients
@article{baehrens2010explain,
  title={How to explain individual classification decisions},
  author={Baehrens, David and Schroeter, Timon and Harmeling, Stefan and Kawanabe, Motoaki and Hansen, Katja and M{\~A}{\v{z}}ller, Klaus-Robert},
  journal={Journal of Machine Learning Research},
  volume={11},
  number={Jun},
  pages={1803--1831},
  year={2010}
}

% sensitivity analysis with gradients to dnns
@article{shrikumar2017learning,
  title={Learning important features through propagating activation differences},
  author={Shrikumar, Avanti and Greenside, Peyton and Kundaje, Anshul},
  journal={arXiv preprint arXiv:1704.02685},
  year={2017}
}

@article{simonyan2013deep,
  title={Deep inside convolutional networks: Visualising image classification models and saliency maps},
  author={Simonyan, Karen and Vedaldi, Andrea and Zisserman, Andrew},
  journal={arXiv preprint arXiv:1312.6034},
  year={2013}
}

%-------------------------------------------------------------------------------
% SENSITIVITY ANALYSIS APPLICATIONS
%-------------------------------------------------------------------------------

% flowdroid static taint on android
@article{arzt2014flowdroid,
  title={Flowdroid: Precise context, flow, field, object-sensitive and lifecycle-aware taint analysis for android apps},
  author={Arzt, Steven and Rasthofer, Siegfried and Fritz, Christian and Bodden, Eric and Bartel, Alexandre and Klein, Jacques and Le Traon, Yves and Octeau, Damien and McDaniel, Patrick},
  journal={Acm Sigplan Notices},
  volume={49},
  number={6},
  pages={259--269},
  year={2014},
  publisher={ACM}
}



%-------------------------------------------------------------------------------
% SYMBOLIC EXECUTION
%-------------------------------------------------------------------------------

% path explosion, does not scale well to complex programs
@article{cadar2013symbolic,
  title={Symbolic execution for software testing: three decades later},
  author={Cadar, Cristian and Sen, Koushik},
  journal={Communications of the ACM},
  volume={56},
  number={2},
  pages={82--90},
  year={2013},
  publisher={ACM}
}
@inproceedings{wang2015experience,
  title={Experience report: How is dynamic symbolic execution different from manual testing? a study on klee},
  author={Wang, Xiaoyin and Zhang, Lingming and Tanofsky, Philip},
  booktitle={Proceedings of the 2015 International Symposium on Software Testing and Analysis},
  pages={199--210},
  year={2015},
  organization={ACM}
}



%-------------------------------------------------------------------------------
% TAINT
%-------------------------------------------------------------------------------

@inproceedings{kildall1973unified,
  title={A unified approach to global program optimization},
  author={Kildall, Gary A},
  booktitle={Proceedings of the 1st annual ACM SIGACT-SIGPLAN symposium on Principles of programming languages},
  pages={194--206},
  year={1973},
  organization={ACM}
}

@inproceedings{newsome2005dynamic,
  title={Dynamic Taint Analysis for Automatic Detection, Analysis, and SignatureGeneration of Exploits on Commodity Software.},
  author={Newsome, James and Song, Dawn Xiaodong},
  booktitle={NDSS},
  volume={5},
  pages={3--4},
  year={2005},
  organization={Citeseer}
}

@inproceedings{schwartz2010all,
  title={All you ever wanted to know about dynamic taint analysis and forward symbolic execution (but might have been afraid to ask)},
  author={Schwartz, Edward J and Avgerinos, Thanassis and Brumley, David},
  booktitle={2010 IEEE Symposium on Security and Privacy},
  pages={317--331},
  year={2010},
  organization={IEEE}
}

@article{enck2014taintdroid,
  title={TaintDroid: an information-flow tracking system for realtime privacy monitoring on smartphones},
  author={Enck, William and Gilbert, Peter and Han, Seungyeop and Tendulkar, Vasant and Chun, Byung-Gon and Cox, Landon P and Jung, Jaeyeon and McDaniel, Patrick and Sheth, Anmol N},
  journal={ACM Transactions on Computer Systems (TOCS)},
  volume={32},
  number={2},
  pages={5},
  year={2014},
  publisher={ACM}
}



%-------------------------------------------------------------------------------
% Autodiff
%-------------------------------------------------------------------------------

@article{Wengert:1964:SAD:355586.364791,
 author = {Wengert, R. E.},
 title = {A Simple Automatic Derivative Evaluation Program},
 journal = {Commun. ACM},
 issue_date = {Aug. 1964},
 volume = {7},
 number = {8},
 month = aug,
 year = {1964},
 issn = {0001-0782},
 pages = {463--464},
 numpages = {2},
 url = {http://doi.acm.org/10.1145/355586.364791},
 doi = {10.1145/355586.364791},
 acmid = {364791},
 publisher = {ACM},
 address = {New York, NY, USA},
} 

@misc{tensorflow2015-whitepaper,
title={ {TensorFlow}: Large-Scale Machine Learning on Heterogeneous Systems},
url={https://www.tensorflow.org/},
note={Software available from tensorflow.org},
author={
    Mart\'{\i}n~Abadi and
    Ashish~Agarwal and
    Paul~Barham and
    Eugene~Brevdo and
    Zhifeng~Chen and
    Craig~Citro and
    Greg~S.~Corrado and
    Andy~Davis and
    Jeffrey~Dean and
    Matthieu~Devin and
    Sanjay~Ghemawat and
    Ian~Goodfellow and
    Andrew~Harp and
    Geoffrey~Irving and
    Michael~Isard and
    Yangqing Jia and
    Rafal~Jozefowicz and
    Lukasz~Kaiser and
    Manjunath~Kudlur and
    Josh~Levenberg and
    Dandelion~Man\'{e} and
    Rajat~Monga and
    Sherry~Moore and
    Derek~Murray and
    Chris~Olah and
    Mike~Schuster and
    Jonathon~Shlens and
    Benoit~Steiner and
    Ilya~Sutskever and
    Kunal~Talwar and
    Paul~Tucker and
    Vincent~Vanhoucke and
    Vijay~Vasudevan and
    Fernanda~Vi\'{e}gas and
    Oriol~Vinyals and
    Pete~Warden and
    Martin~Wattenberg and
    Martin~Wicke and
    Yuan~Yu and
    Xiaoqiang~Zheng},
  year={2015},
}

%-------------------------------------------------------------------------------
% LLVM
%-------------------------------------------------------------------------------

@inproceedings{llvm2004,
 author = {Lattner, Chris and Adve, Vikram},
 title = {LLVM: A Compilation Framework for Lifelong Program Analysis \& Transformation},
 booktitle = {Proceedings of the International Symposium on Code Generation and Optimization: Feedback-directed and Runtime Optimization},
 series = {CGO '04},
 year = {2004},
 isbn = {0-7695-2102-9},
 location = {Palo Alto, California},
 pages = {75--},
 url = {http://dl.acm.org/citation.cfm?id=977395.977673},
 acmid = {977673},
 publisher = {IEEE Computer Society},
 address = {Washington, DC, USA},
} 
